<record><leader>00000cas a22000007a 4500</leader><controlfield tag="001">35996572</controlfield><controlfield tag="008">961125d194519uucauwr ne      0    0eng d</controlfield><datafield ind1=" " ind2=" " tag="010"><subfield code="a">sn 96062934 </subfield></datafield><datafield ind1=" " ind2=" " tag="040"><subfield code="a">CNK</subfield><subfield code="b">eng</subfield><subfield code="c">CNK</subfield><subfield code="d">OCLCQ</subfield><subfield code="d">OCLCO</subfield></datafield><datafield ind1="1" ind2=" " tag="029"><subfield code="a">AU@</subfield><subfield code="b">000012971658</subfield></datafield><datafield ind1=" " ind2=" " tag="042"><subfield code="a">msc</subfield></datafield><datafield ind1=" " ind2=" " tag="043"><subfield code="a">n-us-ca</subfield></datafield><datafield ind1="0" ind2=" " tag="130"><subfield code="a">N.O.T.S. rocketeer (Inyokern, Calif.)</subfield></datafield><datafield ind1="1" ind2="4" tag="245"><subfield code="a">The N.O.T.S. rocketeer.</subfield></datafield><datafield ind1="3" ind2=" " tag="246"><subfield code="a">NOTS rocketeer</subfield></datafield><datafield ind1=" " ind2=" " tag="260"><subfield code="a">Inyokern, Calif. :</subfield><subfield code="b">R.R. Wing</subfield></datafield><datafield ind1=" " ind2=" " tag="300"><subfield code="a">v.</subfield></datafield><datafield ind1=" " ind2=" " tag="310"><subfield code="a">Weekly,</subfield><subfield code="b">Feb. 1946-</subfield></datafield><datafield ind1=" " ind2=" " tag="321"><subfield code="a">Monthly,</subfield><subfield code="b">May, 1945-&lt;June, 1945&gt;</subfield></datafield><datafield ind1=" " ind2=" " tag="321"><subfield code="a">Semimonthly,</subfield><subfield code="b">&lt;Oct. 1945&gt;-Feb. 1946</subfield></datafield><datafield ind1="0" ind2=" " tag="362"><subfield code="a">Vol. 1, no. 1 (May 10, 1945)-</subfield></datafield><datafield ind1=" " ind2="0" tag="650"><subfield code="a">Military bases</subfield><subfield code="z">California</subfield><subfield code="v">Newspapers.</subfield></datafield><datafield ind1=" " ind2="0" tag="651"><subfield code="a">Naval Ordnance Test Station (Inyokern, Calif.)</subfield><subfield code="v">Newspapers.</subfield></datafield><datafield ind1=" " ind2=" " tag="752"><subfield code="a">United States</subfield><subfield code="b">California</subfield><subfield code="c">Kern</subfield><subfield code="d">Inyokern.</subfield></datafield><datafield ind1="0" ind2="0" tag="780"><subfield code="t">N.O.T.S. news</subfield><subfield code="w">(DLC)sn 96062933</subfield></datafield></record>